@article{chen2014decentralized,
  title={Decentralized computation offloading game for mobile cloud computing},
  author={Chen, Xu},
  journal={IEEE Transactions on Parallel and Distributed Systems},
  volume={26},
  number={4},
  pages={974--983},
  year={2014},
  publisher={IEEE}
}

@article{josilo2018selfish,
  title={Selfish Decentralized Computation Offloading for Mobile Cloud Computing in Dense Wireless Networks},
  author={Jošilo, Sladana and Dán, G.},
  journal={IEEE Transactions on Mobile Computing},
  year={2018},
  doi={10.1109/TMC.2018.2829874},
  url={https://dx.doi.org/10.1109/TMC.2018.2829874}
}

@article{kunal2019overview,
  title={An overview of cloud-fog computing: Architectures, applications with security challenges},
  author={Kunal, Sourav and Saha, Arijit and Amin, Ruhul},
  journal={Security and Privacy},
  volume={2},
  number={4},
  pages={e72},
  year={2019},
  publisher={Wiley Online Library}
}

@article{nguyen2020integration,
  title={Integration of blockchain and cloud of things: Architecture, applications and challenges},
  author={Nguyen, Dinh C and Pathirana, Pubudu N and Ding, Ming and Seneviratne, Aruna},
  journal={IEEE Communications surveys \& tutorials},
  volume={22},
  number={4},
  pages={2521--2549},
  year={2020},
  publisher={IEEE}
}

@article{li2021blockchain,
  title={Blockchain-based trust management in cloud computing systems: a taxonomy, review and future directions},
  author={Li, Wenjuan and Wu, Jiyi and Cao, Jian and Chen, Nan and Zhang, Qi-fei and Buyya, R.},
  journal={Journal of Cloud Computing},
  year={2021},
  doi={10.1186/s13677-021-00247-5},
  url={https://dx.doi.org/10.1186/s13677-021-00247-5}
}

@article{chegini2021process,
  title={Process automation in an IoT--fog--cloud ecosystem: A survey and taxonomy},
  author={Chegini, Hossein and Naha, Ranesh Kumar and Mahanti, Aniket and Thulasiraman, Parimala},
  journal={IoT},
  volume={2},
  number={1},
  pages={92--118},
  year={2021},
  publisher={MDPI}
}

@article{sarmiento2021decentralized,
  title={Decentralized SDN control plane for a distributed cloud-edge infrastructure: A survey},
  author={Sarmiento, David Espinel and Lebre, Adrien and Nussbaum, Lucas and Chari, Abdelhadi},
  journal={IEEE Communications Surveys \& Tutorials},
  volume={23},
  number={1},
  pages={256--281},
  year={2021},
  publisher={IEEE}
}

@misc{brasser2022trusted,
  title={Trusted Container Extensions for Container-based Confidential Computing},
  author={Ferdinand Brasser and Patrick Jauernig and Frederik Pustelnik and Ahmad-Reza Sadeghi and Emmanuel Stapf},
  year={2022},
  eprint={2205.05747},
  archivePrefix={arXiv},
  primaryClass={cs.CR}
}

@book{shneiderman2016designing,
  title={Designing the user interface: strategies for effective human-computer interaction},
  author={Shneiderman, Ben and Plaisant, Catherine and Cohen, Maxine S and Jacobs, Steven and Elmqvist, Niklas and Diakopoulos, Nicholas},
  year={2016},
  publisher={Pearson}
}

@article{nielsen2005ten,
  title={Ten usability heuristics},
  author={Nielsen, Jakob},
  year={2005},
  publisher={http://www.nngroup.com/articles/ten-usability-heuristics/}
}


@book{gawer2002platform,
  title={Platform leadership: How Intel, Microsoft, and Cisco drive industry innovation},
  author={Gawer, Annabelle and Cusumano, Michael A and others},
  volume={5},
  year={2002},
  publisher={Harvard Business School Press Boston}
}

@book{meyer1997power,
  title={The power of product platforms},
  author={Meyer, Marc H and Lehnerd, Alvin P},
  year={1997},
  publisher={Simon and Schuster}
}

@article{ko2006exploratory,
  title={An exploratory study of how developers seek, relate, and collect relevant information during software maintenance tasks},
  author={Ko, Amy J and Myers, Brad A and Coblenz, Michael J and Aung, Htet Htet},
  journal={IEEE Transactions on software engineering},
  volume={32},
  number={12},
  pages={971--987},
  year={2006},
  publisher={IEEE}
}
